@phdthesis{aguilar_iluminacion_2013,
	type = {{PhD} {Thesis}},
	title = {Iluminación de polígonos ortogonales y simples con birradares},
	url = {http://oreon.dgbiblio.unam.mx/F/E2YQL64GUB2IV3QTGG1HDG5HA27X3ICJU7QHCNQG4SJ57LFEL9-15734?func=full-set-set&set_number=018355&set_entry=000019&format=999},
	urldate = {2020-03-20},
	author = {Aguilar, Jose},
	year = {2013}
}